@article{DBLP:journals/ijisec/BertoniDPA14,
  author    = {Guido Bertoni and
               Joan Daemen and
               Micha{\"{e}}l Peeters and
               Gilles Van Assche},
  title     = {Sufficient conditions for sound tree and sequential hashing modes},
  journal   = {Int. J. Inf. Sec.},
  volume    = {13},
  number    = {4},
  pages     = {335--353},
  year      = {2014},
  url       = {https://doi.org/10.1007/s10207-013-0220-y},
  doi       = {10.1007/s10207-013-0220-y},
  timestamp = {Sat, 27 May 2017 14:25:24 +0200},
  biburl    = {https://dblp.org/rec/bib/journals/ijisec/BertoniDPA14},
  bibsource = {dblp computer science bibliography, https://dblp.org}
}

@article{DBLP:journals/tosc/DaemenMA18,
  author    = {Joan Daemen and
               Bart Mennink and
               Gilles Van Assche},
  title     = {Sound Hashing Modes of Arbitrary Functions, Permutations, and Block
               Ciphers},
  journal   = {{IACR} Trans. Symmetric Cryptol.},
  volume    = {2018},
  number    = {4},
  pages     = {197--228},
  year      = {2018},
  url       = {https://doi.org/10.13154/tosc.v2018.i4.197-228},
  doi       = {10.13154/tosc.v2018.i4.197-228},
  timestamp = {Tue, 29 Jan 2019 15:26:05 +0100},
  biburl    = {https://dblp.org/rec/bib/journals/tosc/DaemenMA18},
  bibsource = {dblp computer science bibliography, https://dblp.org}
}

@article{DBLP:journals/tosc/LuykxMN16,
  author    = {Atul Luykx and
               Bart Mennink and
               Samuel Neves},
  title     = {Security Analysis of {BLAKE2's} Modes of Operation},
  journal   = {{IACR} Trans. Symmetric Cryptol.},
  volume    = {2016},
  number    = {1},
  pages     = {158--176},
  year      = {2016},
  url       = {https://doi.org/10.13154/tosc.v2016.i1.158-176},
  doi       = {10.13154/tosc.v2016.i1.158-176},
  timestamp = {Fri, 30 Nov 2018 13:25:41 +0100},
  biburl    = {https://dblp.org/rec/bib/journals/tosc/LuykxMN16},
  bibsource = {dblp computer science bibliography, https://dblp.org}
}

@inproceedings{DBLP:conf/acns/AumassonNWW13,
  author    = {Jean{-}Philippe Aumasson and
               Samuel Neves and
               Zooko Wilcox{-}O'Hearn and
               Christian Winnerlein},
  title     = {{BLAKE2:} Simpler, Smaller, Fast as {MD5}},
  booktitle = {Applied Cryptography and Network Security - 11th International Conference,
               {ACNS} 2013, Banff, AB, Canada, June 25-28, 2013. Proceedings},
  pages     = {119--135},
  year      = {2013},
  crossref  = {DBLP:conf/acns/2013},
  url       = {https://doi.org/10.1007/978-3-642-38980-1_8},
  doi       = {10.1007/978-3-642-38980-1_8},
  timestamp = {Tue, 20 Aug 2019 15:27:31 +0200},
  biburl    = {https://dblp.org/rec/bib/conf/acns/AumassonNWW13},
  bibsource = {dblp computer science bibliography, https://dblp.org}
}

@proceedings{DBLP:conf/acns/2013,
  editor    = {Michael J. Jacobson Jr. and
               Michael E. Locasto and
               Payman Mohassel and
               Reihaneh Safavi{-}Naini},
  title     = {Applied Cryptography and Network Security - 11th International Conference,
               {ACNS} 2013, Banff, AB, Canada, June 25-28, 2013. Proceedings},
  series    = {Lecture Notes in Computer Science},
  volume    = {7954},
  publisher = {Springer},
  year      = {2013},
  url       = {https://doi.org/10.1007/978-3-642-38980-1},
  doi       = {10.1007/978-3-642-38980-1},
  isbn      = {978-3-642-38979-5},
  timestamp = {Tue, 14 May 2019 10:00:54 +0200},
  biburl    = {https://dblp.org/rec/bib/conf/acns/2013},
  bibsource = {dblp computer science bibliography, https://dblp.org}
}

@article{DBLP:journals/rfc/rfc7693,
  author    = {Markku{-}Juhani O. Saarinen and
               Jean{-}Philippe Aumasson},
  title     = {The {BLAKE2} Cryptographic Hash and Message Authentication Code {(MAC)}},
  journal   = {{RFC}},
  volume    = {7693},
  pages     = {1--30},
  year      = {2015},
  url       = {https://doi.org/10.17487/RFC7693},
  doi       = {10.17487/RFC7693},
  timestamp = {Tue, 14 May 2019 10:02:28 +0200},
  biburl    = {https://dblp.org/rec/bib/journals/rfc/rfc7693},
  bibsource = {dblp computer science bibliography, https://dblp.org}
}


